@article{abrams21,
title = {Modelling the early phase of the {B}elgian {COVID}-19 epidemic using a stochastic compartmental model and studying its implied future trajectories},
journal = {Epidemics},
volume = {35},
pages = {100449},
year = {2021},
issn = {1755-4365},
doi = {https://doi.org/10.1016/j.epidem.2021.100449},
author = {Steven Abrams and James Wambua and Eva Santermans and Lander Willem and Elise Kuylen and Pietro Coletti and Pieter Libin and Christel Faes and Oana Petrof and Sereina A. Herzog and Philippe Beutels and Niel Hens},
}

@book{norris98,
place={Cambridge}, series={Cambridge Series in Statistical and Probabilistic Mathematics}, title={Markov Chains}, DOI={10.1017/CBO9780511810633}, publisher={Cambridge University Press}, author={Norris, J. R.}, year={1997}, collection={Cambridge Series in Statistical and Probabilistic Mathematics}
}